===================
	COREF WORK
===================
@InProceedings{manning-EtAl:2014:P14-5,
  author    = {Manning, Christopher D. and  Surdeanu, Mihai  and  Bauer, John  and  Finkel, Jenny  and  Bethard, Steven J. and  McClosky, David},
  title     = {The {Stanford} {CoreNLP} Natural Language Processing Toolkit},
  booktitle = {Association for Computational Linguistics (ACL) System Demonstrations},
  year      = {2014},
  pages     = {55--60},
  url       = {http://www.aclweb.org/anthology/P/P14/P14-5010}
},

@inproceedings{Koch2015SiameseNN,
  title={Siamese Neural Networks for One-shot Image Recognition},
  booktitle={ICML},
  author={Gregory Koch, Richard Zemel, Ruslan Salakhutdinov },
    journal   = {ICML Deep Learning Workshop},
    url={http://www.cs.toronto.edu/~rsalakhu/papers/oneshot1.pdf},
  year={2015}
}

@inproceedings{pennington2014glove,
  author = {Jeffrey Pennington and Richard Socher and Christopher D. Manning},
  booktitle = {Empirical Methods in Natural Language Processing (EMNLP)},
  title = {GloVe: Global Vectors for Word Representation},
  year = {2014},
  pages = {1532--1543},
  url = {http://www.aclweb.org/anthology/D14-1162},
}

@inproceedings{SchroffKP15,
  added-at = {2016-04-28T00:00:00.000+0200},
  author = {Schroff, Florian and Kalenichenko, Dmitry and Philbin, James},
  biburl = {https://www.bibsonomy.org/bibtex/29435520de306584accbc7d251df7f3d3/dblp},
  booktitle = {CVPR},
  ee = {http://doi.ieeecomputersociety.org/10.1109/CVPR.2015.7298682},
  interhash = {800a151bb7426718c435b19251769b9f},
  intrahash = {9435520de306584accbc7d251df7f3d3},
  isbn = {978-1-4673-6964-0},
  keywords = {dblp},
  pages = {815-823},
  publisher = {IEEE Computer Society},
  timestamp = {2016-04-29T11:54:14.000+0200},
  title = {FaceNet: A unified embedding for face recognition and clustering.},
  url = {http://dblp.uni-trier.de/db/conf/cvpr/cvpr2015.html#SchroffKP15},
  year={2015}
}

@InProceedings{Pradhan+etal:14a,
  author = {Sameer Pradhan and Xiaoqiang Luo and Marta Recasens and Eduard Hovy and Vincent Ng and Michael Strube},
  title = {Scoring Coreference Partitions of Predicted Mentions: A Reference Implementation},
  booktitle = {Proceedings of the 52nd Annual Meeting of the Association for Computational Linguistics (Volume 2: Short Papers)},
  pages = {30--35}, 
  year = 2014}

@InProceedings{pmlr-v48-liud16,
  title =    {Large-Margin Softmax Loss for Convolutional Neural Networks},
  author =   {Weiyang Liu and Yandong Wen and Zhiding Yu and Meng Yang},
  booktitle =    {Proceedings of The 33rd International Conference on Machine Learning},
  pages =    {507--516},
  year =   {2016},
  editor =   {Maria Florina Balcan and Kilian Q. Weinberger},
  volume =   {48},
  series =   {Proceedings of Machine Learning Research},
  address =    {New York, New York, USA},
  month =    {20--22 Jun},
  publisher =    {PMLR},
  pdf =    {http://proceedings.mlr.press/v48/liud16.pdf},
  url =    {http://proceedings.mlr.press/v48/liud16.html}
}

@inproceedings{DBLP:conf/emnlp/Kim14,
  author    = {Yoon Kim},
  title     = {Convolutional Neural Networks for Sentence Classification},
  booktitle = {{EMNLP}},
  pages     = {1746--1751},
  publisher = {{ACL}},
  url={http://aclweb.org/anthology/D/D14/D14-1181.pdf},
  year      = {2014}
}

@article{DBLP:journals/corr/YuV17,
  author    = {Xiang Yu and
               Ngoc Thang Vu},
  title     = {Character Composition Model with Convolutional Neural Networks for
               Dependency Parsing on Morphologically Rich Languages},
  journal   = {CoRR},
  volume    = {abs/1705.10814},
  year      = {2017}
}

@inproceedings{DBLP:conf/acl/GehringAGD17,
  author    = {Jonas Gehring and
               Michael Auli and
               David Grangier and
               Yann Dauphin},
  title     = {A Convolutional Encoder Model for Neural Machine Translation},
  booktitle = {{ACL} {(1)}},
  pages     = {123--135},
  publisher = {Association for Computational Linguistics},
  year      = {2017}
}

@incollection{SiameseNet,
title = {Signature Verification using a "Siamese" Time Delay Neural Network},
author = {Bromley, Jane and Isabelle Guyon and LeCun, Yann and Eduard S\"{a}ckinger and Shah, Roopak},
booktitle = {Advances in Neural Information Processing Systems 6},
editor = {J. D. Cowan and G. Tesauro and J. Alspector},
pages = {737--744},
year = {1994},
publisher = {Morgan-Kaufmann}
}

========================
   HELPS OTHER NLP TASKS
========================
@inproceedings{Humphreys:1997:ECI:1598819.1598830,
 author = {Humphreys, Kevin and Gaizauskas, Robert and Azzam, Saliha},
 title = {Event Coreference for Information Extraction},
 booktitle = {Proceedings of a Workshop on Operational Factors in Practical, Robust Anaphora Resolution for Unrestricted Texts},
 series = {ANARESOLUTION '97},
 year = {1997},
 location = {Madrid, Spain},
 pages = {75--81},
 numpages = {7},
 url = {http://dl.acm.org/citation.cfm?id=1598819.1598830},
 acmid = {1598830},
 publisher = {Association for Computational Linguistics},
 address = {Stroudsburg, PA, USA},
} ,

@inproceedings{Narayanan:2004:QAB:1220355.1220455,
 author = {Narayanan, Srini and Harabagiu, Sanda},
 title = {Question Answering Based on Semantic Structures},
 booktitle = {Proceedings of the 20th International Conference on Computational Linguistics},
 series = {COLING '04},
 year = {2004},
 location = {Geneva, Switzerland},
 articleno = {693},
 url = {https://doi.org/10.3115/1220355.1220455},
 doi = {10.3115/1220355.1220455},
 acmid = {1220455},
 publisher = {Association for Computational Linguistics},
 address = {Stroudsburg, PA, USA},
} 

@INPROCEEDINGS{Allan:1998,
    author = {James Allan and Jaime Carbonell and George Doddington and Jonathan Yamron and Yiming Yang and James Allan Umass and Brian Archibald Cmu and Doug Beeferman Cmu and Adam Berger Cmu and Ralf Brown Cmu and Ira Carp Dragon and George Doddington Darpa and Alex Hauptmann Cmu and John Lafferty Cmu and Victor Lavrenko Umass and Xin Liu Cmu and Steve Lowe Dragon and Paul Van Mulbregt Dragon and Ron Papka Umass and Thomas Pierce Cmu and Jay Ponte Umass and Mike Scudder Umass},
    title = {Topic Detection and Tracking Pilot Study Final Report},
    booktitle = {In Proceedings of the DARPA Broadcast News Transcription and Understanding Workshop},
    year = {1998},
    pages = {194--218}
},

@inproceedings{Daniel:2003,
 author = {Daniel, Naomi and Radev, Dragomir and Allison, Timothy},
 title = {Sub-event Based Multi-document Summarization},
 booktitle = {Proceedings of the HLT-NAACL 03 on Text Summarization Workshop - Volume 5},
 series = {HLT-NAACL-DUC '03},
 year = {2003},
 pages = {9--16},
 numpages = {8},
 url = {https://doi.org/10.3115/1119467.1119469},
 doi = {10.3115/1119467.1119469},
 acmid = {1119469},
 publisher = {Association for Computational Linguistics},
 address = {Stroudsburg, PA, USA},
} ,

@inproceedings{Bengtson:2008:UVF:1613715.1613756,
 author = {Bengtson, Eric and Roth, Dan},
 title = {Understanding the Value of Features for Coreference Resolution},
 booktitle = {Proceedings of the Conference on Empirical Methods in Natural Language Processing},
 series = {EMNLP '08},
 year = {2008},
 location = {Honolulu, Hawaii},
 pages = {294--303},
 numpages = {10},
 url = {http://dl.acm.org/citation.cfm?id=1613715.1613756},
 acmid = {1613756},
 publisher = {Association for Computational Linguistics},
 address = {Stroudsburg, PA, USA},
}

@inproceedings{Bejan:2010:UEC:1858681.1858824,
 author = {Bejan, Cosmin Adrian and Harabagiu, Sanda},
 title = {Unsupervised Event Coreference Resolution with Rich Linguistic Features},
 booktitle = {Proceedings of the 48th Annual Meeting of the Association for Computational Linguistics},
 series = {ACL '10},
 year = {2010},
 location = {Uppsala, Sweden},
 pages = {1412--1422},
 numpages = {11},
 url = {http://dl.acm.org/citation.cfm?id=1858681.1858824},
 acmid = {1858824},
 publisher = {Association for Computational Linguistics},
 address = {Stroudsburg, PA, USA},
}

@InProceedings{ECB+,
  author =  "Cybulska, Agata
    and Vossen, Piek",
  title =   "Using a sledgehammer to crack a nut? Lexical diversity and event coreference resolution",
  booktitle =   "Proceedings of the Ninth International Conference on Language Resources and Evaluation (LREC-2014)",
  year =  "2014",
  publisher =   "European Language Resources Association (ELRA)",
  location =  "Reykjavik, Iceland",
  url =   "http://www.aclweb.org/anthology/L14-1646"
}

@inproceedings{Choubey2017EventCR,
  title={Event Coreference Resolution by Iteratively Unfolding Inter-dependencies among Events},
  author={Prafulla Kumar Choubey and Ruihong Huang},
  booktitle={EMNLP},
  url={http://www.aclweb.org/anthology/D17-1225},
  year={2017}
}

@article{journals/tacl/YangCF15,
  added-at = {2015-09-23T00:00:00.000+0200},
  author = {Yang, Bishan and Cardie, Claire and Frazier, Peter I.},
  biburl = {https://www.bibsonomy.org/bibtex/281151c5325ab45abe8d34071b2fd7d66/dblp},
  ee = {https://tacl2013.cs.columbia.edu/ojs/index.php/tacl/article/view/634},
  interhash = {e153ab60dac10252e358de6964fe2bd8},
  intrahash = {81151c5325ab45abe8d34071b2fd7d66},
  journal = {TACL},
  keywords = {dblp},
  pages = {517-528},
  timestamp = {2015-09-24T11:33:32.000+0200},
  title = {A Hierarchical Distance-dependent Bayesian Model for Event Coreference Resolution.},
  url = {http://dblp.uni-trier.de/db/journals/tacl/tacl3.html#YangCF15},
  volume = 3,
  year = 2015
}

========================
	FOUNDATIONAL
========================
@article{Hochreiter:1997:LSM:1246443.1246450,
 author = {Hochreiter, Sepp and Schmidhuber, J\"{u}rgen},
 title = {Long Short-Term Memory},
 journal = {Neural Comput.},
 issue_date = {November 15, 1997},
 volume = {9},
 number = {8},
 month = nov,
 year = {1997},
 issn = {0899-7667},
 pages = {1735--1780},
 numpages = {46},
 url = {http://dx.doi.org/10.1162/neco.1997.9.8.1735},
 doi = {10.1162/neco.1997.9.8.1735},
 acmid = {1246450},
 publisher = {MIT Press},
 address = {Cambridge, MA, USA},
},

@inproceedings{Bagga:1999:CEC:1608810.1608812,
 author = {Bagga, Amit and Baldwin, Breck},
 title = {Cross-document Event Coreference: Annotations, Experiments, and Observations},
 booktitle = {Proceedings of the Workshop on Coreference and Its Applications},
 series = {CorefApp '99},
 year = {1999},
 location = {College Park, Maryland},
 pages = {1--8},
 numpages = {8},
 url = {http://dl.acm.org/citation.cfm?id=1608810.1608812},
 acmid = {1608812},
 publisher = {Association for Computational Linguistics},
 address = {Stroudsburg, PA, USA},
}


========================
	ENTITY RECOGNITION
========================
@InProceedings{D17-1018,
  author = 	"Lee, Kenton
		and He, Luheng
		and Lewis, Mike
		and Zettlemoyer, Luke",
  title = 	"End-to-end Neural Coreference Resolution",
  booktitle = 	"Proceedings of the 2017 Conference on Empirical Methods in Natural Language Processing",
  year = 	"2017",
  publisher = 	"Association for Computational Linguistics",
  pages = 	"188--197",
  location = 	"Copenhagen, Denmark",
  url = 	"http://aclweb.org/anthology/D17-1018"
}


@article{DBLP:journals/corr/ClarkM16a,
  author    = {Kevin Clark and
               Christopher D. Manning},
  title     = {Deep Reinforcement Learning for Mention-Ranking Coreference Models},
  journal   = {CoRR},
  volume    = {abs/1609.08667},
  url={http://cs.stanford.edu/people/kevclark/resources/clark-manning-emnlp2016-deep.pdf},
  year      = {2016}
}

@inproceedings{Grishman:1996:MUC:992628.992709,
 author = {Grishman, Ralph and Sundheim, Beth},
 title = {Message Understanding Conference-6: A Brief History},
 booktitle = {Proceedings of the 16th Conference on Computational Linguistics - Volume 1},
 series = {COLING '96},
 year = {1996},
 location = {Copenhagen, Denmark},
 pages = {466--471},
 numpages = {6},
 url = {https://doi.org/10.3115/992628.992709},
 doi = {10.3115/992628.992709},
 acmid = {992709},
 publisher = {Association for Computational Linguistics},
 address = {Stroudsburg, PA, USA},
} ,

@INPROCEEDINGS{Bikel97nymble:a,
    author = {Daniel M. Bikel and Scott Miller and Richard Schwartz and Ralph Weischedel},
    title = {Nymble: a High-Performance Learning Name-finder},
    booktitle = {In Proceedings of the Fifth Conference on Applied Natural Language Processing},
    year = {1997},
    pages = {194--201}
},

@inproceedings{McCallum:2003:ERN:1119176.1119206,
 author = {McCallum, Andrew and Li, Wei},
 title = {Early Results for Named Entity Recognition with Conditional Random Fields, Feature Induction and Web-enhanced Lexicons},
 booktitle = {Proceedings of the Seventh Conference on Natural Language Learning at HLT-NAACL 2003 - Volume 4},
 series = {CONLL '03},
 year = {2003},
 location = {Edmonton, Canada},
 pages = {188--191},
 numpages = {4},
 url = {https://doi.org/10.3115/1119176.1119206},
 doi = {10.3115/1119176.1119206},
 acmid = {1119206},
 publisher = {Association for Computational Linguistics},
 address = {Stroudsburg, PA, USA},
},

@InProceedings{ma-hovy:2016:P16-1,
  author    = {Ma, Xuezhe  and  Hovy, Eduard},
  title     = {End-to-end Sequence Labeling via Bi-directional LSTM-CNNs-CRF},
  booktitle = {Proceedings of the 54th Annual Meeting of the Association for Computational Linguistics (Volume 1: Long Papers)},
  month     = {August},
  year      = {2016},
  address   = {Berlin, Germany},
  publisher = {Association for Computational Linguistics},
  pages     = {1064--1074},
  url       = {http://www.aclweb.org/anthology/P16-1101}
},

@article{DBLP:journals/tacl/ChiuN16,
  author    = {Jason P. C. Chiu and
               Eric Nichols},
  title     = {Named Entity Recognition with Bidirectional LSTM-CNNs},
  journal   = {{TACL}},
  volume    = {4},
  pages     = {357--370},
  year      = {2016},
  url       = {https://transacl.org/ojs/index.php/tacl/article/view/792},
  timestamp = {Tue, 09 Aug 2016 14:51:08 +0200},
  biburl    = {https://dblp.org/rec/bib/journals/tacl/ChiuN16},
  bibsource = {dblp computer science bibliography, https://dblp.org}
},

@article{ner-sekine2007,
  added-at = {2009-11-06T17:24:59.000+0100},
  author = {Nadeau, David and Sekine, Satoshi},
  biburl = {https://www.bibsonomy.org/bibtex/231a3c28acfe2301ba810b2fccd1ea392/mirian},
  interhash = {2d9a1a5440885a8741a1686f344a9494},
  intrahash = {31a3c28acfe2301ba810b2fccd1ea392},
  journal = {Linguisticae Investigationes},
  keywords = {ie ner nlp survey},
  month = {January},
  note = {Publisher: John Benjamins Publishing Company},
  number = 1,
  pages = {3--26},
  timestamp = {2009-11-06T17:24:59.000+0100},
  title = {A survey of named entity recognition and classification},
  url = {http://www.ingentaconnect.com/content/jbp/li/2007/00000030/00000001/art00002},
  volume = 30,
  year = 2007
},

@inproceedings{Rau91,
  AUTHOR = {L. F. Rau},
  TITLE = {Extracting Company Names from Text},
  YEAR = 1991,
  BOOKTITLE = {Proc.\ of the Seventh Conference on Artificial Intelligence Applications CAIA-91 (Volume II: Visuals)},
  ADDRESS = {Miami Beach, FL},
  PAGES = {189-194},
  KEYWORDS = {}
  },

========================
        EVENT DETECTION
========================
@inproceedings{Feng2016ALN,
  title={A Language-Independent Neural Network for Event Detection},
  author={Xiaocheng Feng and Lifu Huang and Duyu Tang and Heng Ji and Bing Qin and Ting Liu},
  booktitle={ACL},
  year={2016}
},

@inproceedings{Hovy2013EventsAN,
  title={Events are Not Simple: Identity, Non-Identity, and Quasi-Identity},
  author={Eduard H. Hovy and Teruko Mitamura and Felisa Verdejo and Jun Araki and Andrew Philpot},
  year={2013},
  booktitle={ACL}
},
========================
        		       SRL
========================
@article{Punyakanok:2008:ISP:1403157.1403162,
 author = {Punyakanok, Vasin and Roth, Dan and Yih, Wen-tau},
 title = {The Importance of Syntactic Parsing and Inference in Semantic Role Labeling},
 journal = {Comput. Linguist.},
 issue_date = {June 2008},
 volume = {34},
 number = {2},
 month = jun,
 year = {2008},
 issn = {0891-2017},
 pages = {257--287},
 numpages = {31},
 url = {http://dx.doi.org/10.1162/coli.2008.34.2.257},
 doi = {10.1162/coli.2008.34.2.257},
 acmid = {1403162},
 publisher = {MIT Press},
 address = {Cambridge, MA, USA},
},

@article{Gildea:2002:ALS:643092.643093,
 author = {Gildea, Daniel and Jurafsky, Daniel},
 title = {Automatic Labeling of Semantic Roles},
 journal = {Comput. Linguist.},
 issue_date = {September 2002},
 volume = {28},
 number = {3},
 month = sep,
 year = {2002},
 issn = {0891-2017},
 pages = {245--288},
 numpages = {44},
 url = {http://dx.doi.org/10.1162/089120102760275983},
 doi = {10.1162/089120102760275983},
 acmid = {643093},
 publisher = {MIT Press},
 address = {Cambridge, MA, USA},
} ,

@inproceedings{Haghighi:2010:CRM:1857999.1858060,
 author = {Haghighi, Aria and Klein, Dan},
 title = {Coreference Resolution in a Modular, Entity-centered Model},
 booktitle = {Human Language Technologies: The 2010 Annual Conference of the North American Chapter of the Association for Computational Linguistics},
 series = {HLT '10},
 year = {2010},
 isbn = {1-932432-65-5},
 location = {Los Angeles, California},
 pages = {385--393},
 numpages = {9},
 url = {http://dl.acm.org/citation.cfm?id=1857999.1858060},
 acmid = {1858060},
 publisher = {Association for Computational Linguistics},
 address = {Stroudsburg, PA, USA},
} 

@inproceedings{Rahman:2011:CRW:2002472.2002575,
 author = {Rahman, Altaf and Ng, Vincent},
 title = {Coreference Resolution with World Knowledge},
 booktitle = {Proceedings of the 49th Annual Meeting of the Association for Computational Linguistics: Human Language Technologies - Volume 1},
 series = {HLT '11},
 year = {2011},
 isbn = {978-1-932432-87-9},
 location = {Portland, Oregon},
 pages = {814--824},
 numpages = {11},
 url = {http://dl.acm.org/citation.cfm?id=2002472.2002575},
 acmid = {2002575},
 publisher = {Association for Computational Linguistics},
 address = {Stroudsburg, PA, USA},
} 

@inproceedings{Johansson:2007:LSS:1621474.1621522,
 author = {Johansson, Richard and Nugues, Pierre},
 title = {LTH: Semantic Structure Extraction Using Nonprojective Dependency Trees},
 booktitle = {Proceedings of the 4th International Workshop on Semantic Evaluations},
 series = {SemEval '07},
 year = {2007},
 location = {Prague, Czech Republic},
 pages = {227--230},
 numpages = {4},
 url = {http://dl.acm.org/citation.cfm?id=1621474.1621522},
 acmid = {1621522},
 publisher = {Association for Computational Linguistics},
 address = {Stroudsburg, PA, USA},
},

@inproceedings{Lee:2012:JEE:2390948.2391006,
 author = {Lee, Heeyoung and Recasens, Marta and Chang, Angel and Surdeanu, Mihai and Jurafsky, Dan},
 title = {Joint Entity and Event Coreference Resolution Across Documents},
 booktitle = {Proceedings of the 2012 Joint Conference on Empirical Methods in Natural Language Processing and Computational Natural Language Learning},
 series = {EMNLP-CoNLL '12},
 year = {2012},
 location = {Jeju Island, Korea},
 pages = {489--500},
 numpages = {12},
 url = {http://dl.acm.org/citation.cfm?id=2390948.2391006},
 acmid = {2391006},
 publisher = {Association for Computational Linguistics},
 address = {Stroudsburg, PA, USA},
} 

@inproceedings{Toutanova:2005:JLI:1219840.1219913,
 author = {Toutanova, Kristina and Haghighi, Aria and Manning, Christopher D.},
 title = {Joint Learning Improves Semantic Role Labeling},
 booktitle = {Proceedings of the 43rd Annual Meeting on Association for Computational Linguistics},
 series = {ACL '05},
 year = {2005},
 location = {Ann Arbor, Michigan},
 pages = {589--596},
 numpages = {8},
 url = {https://doi.org/10.3115/1219840.1219913},
 doi = {10.3115/1219840.1219913},
 acmid = {1219913},
 publisher = {Association for Computational Linguistics},
 address = {Stroudsburg, PA, USA},
} ,

@inproceedings{revisit:16,
  author = {Upadhyay, Shyam and Gupta, Nitish and Christodoulopoulos, Christos and Roth, Dan},
  title = {Revisiting the Evaluation for Cross Document Event Coreference},
  booktitle = {COLING},
  year = {2016},
  dataset = {datasets/errors.zip},
  url = {papers/UGCR16.pdf},
  pubtype = conf
},

@InProceedings{parma,
  author = {Wolfe, Travis and Dredze, Mark and {Van Durme}, Benjamin},
  title = {Predicate Argument Alignment using a Global Coherence Model},
  booktitle = {Human Language Technologies: Conference of the North American Chapter of the Association of Computational Linguistics, Proceedings},
  year = {2015},
},
=====================
		EVENTS
=====================
@InProceedings{quine1985,
  author    = {Quine, W.V. O.},
  title     = {Events and Reification},
  booktitle = {Action and Events: Perspectives on the philosophy of Donald Davidson},
  year      = {1985},
  pages     = {162--171},
  url       = {https://philpapers.org/rec/QUIEAR}
}


=====================
	    ENTITY COREF
=====================
@article{Soon:2001:MLA:972597.972602,
 author = {Soon, Wee Meng and Ng, Hwee Tou and Lim, Daniel Chung Yong},
 title = {A Machine Learning Approach to Coreference Resolution of Noun Phrases},
 journal = {Comput. Linguist.},
 issue_date = {December 2001},
 volume = {27},
 number = {4},
 month = dec,
 year = {2001},
 issn = {0891-2017},
 pages = {521--544},
 numpages = {24},
 url = {http://dl.acm.org/citation.cfm?id=972597.972602},
 acmid = {972602},
 publisher = {MIT Press},
 address = {Cambridge, MA, USA},
} 


@misc{clark2016improving,
  added-at = {2017-01-20T15:45:18.000+0100},
  author = {Clark, Kevin and Manning, Christopher D.},
  biburl = {https://www.bibsonomy.org/bibtex/20beeb025753ffbd8248f9db5539c6639/albinzehe},
  description = {[1606.01323] Improving Coreference Resolution by Learning Entity-Level Distributed Representations},
  interhash = {a6b9ece8595bdb18761f38d4c156a068},
  intrahash = {0beeb025753ffbd8248f9db5539c6639},
  keywords = {coreference gpugrant neuralnet},
  note = {cite arxiv:1606.01323Comment: Accepted for publication at the Association for Computational  Linguistics (ACL), 2016},
  timestamp = {2017-05-22T07:51:04.000+0200},
  title = {Improving Coreference Resolution by Learning Entity-Level Distributed
  Representations},
  url = {http://arxiv.org/abs/1606.01323},
  year = 2016
}

@inproceedings{DBLP:conf/emnlp/DurrettK13,
  author = {Greg Durrett and Dan Klein},
  title = {Easy Victories and Uphill Battles in Coreference Resolution},
  booktitle = {{EMNLP}},
  pages = {1971--1982},
  url={http://nlp.cs.berkeley.edu/pubs/Durrett-Klein_2013_Coreference_paper.pdf},
  publisher = {{ACL}},
  year = {2013}
}

@inproceedings{DBLP:conf/naacl/WisemanRS16,
  author    = {Sam Wiseman and
               Alexander M. Rush and
               Stuart M. Shieber},
  title     = {Learning Global Features for Coreference Resolution},
  booktitle = {{HLT-NAACL}},
  pages     = {994--1004},
  url={http://aclweb.org/anthology/N/N16/N16-1114.pdf},
  publisher = {The Association for Computational Linguistics},
  year      = {2016}
}

@inproceedings{DBLP:conf/acl/WisemanRSW15,
  author    = {Sam Wiseman and
               Alexander M. Rush and
               Stuart M. Shieber and
               Jason Weston},
  title     = {Learning Anaphoricity and Antecedent Ranking Features for Coreference
               Resolution},
  booktitle = {{ACL} {(1)}},
  pages     = {1416--1426},
  url={http://aclweb.org/anthology/P/P15/P15-1137.pdf},
  publisher = {The Association for Computer Linguistics},
  year      = {2015}
}


